<?xml version="1.0" encoding="UTF-8"?><record xmlns="http://www.loc.gov/MARC21/slim" xmlns:cinclude="http://apache.org/cocoon/include/1.0" xmlns:zs="http://www.loc.gov/zing/srw/">
  <leader>00433nz  a2200133n  4500</leader>
  <controlfield tag="001">n 2012032360</controlfield>
  <controlfield tag="003">DLC</controlfield>
  <controlfield tag="005">20120515074841.0</controlfield>
  <controlfield tag="008">120514n| acannaabn          |a aaa      </controlfield>
  <datafield tag="010" ind1=" " ind2=" ">
    <subfield code="a">n 2012032360</subfield>
  </datafield>
  <datafield tag="040" ind1=" " ind2=" ">
    <subfield code="a">DLC</subfield>
    <subfield code="b">eng</subfield>
    <subfield code="c">DLC</subfield>
  </datafield>
  <datafield tag="100" ind1="1" ind2=" ">
    <subfield code="a">Grassi, Dominic.</subfield>
    <subfield code="t">Living the Mass.</subfield>
    <subfield code="l">Spanish</subfield>
  </datafield>
  <datafield tag="400" ind1="1" ind2=" ">
    <subfield code="a">Grassi, Dominic.</subfield>
    <subfield code="t">Vivir la misa</subfield>
  </datafield>
  <datafield tag="670" ind1=" " ind2=" ">
    <subfield code="a">Vivir la misa, c2012:</subfield>
    <subfield code="b">E-Cip data view (Living the Mass : how one hour a week can change your life )</subfield>
  </datafield>
</record>